<record><leader>00000cas a22000007a 4500</leader><controlfield tag="001">11585069</controlfield><controlfield tag="008">850116d19841986ncuwr ne      0   a0eng d</controlfield><datafield ind1=" " ind2=" " tag="010"><subfield code="a">sn 85000240 </subfield></datafield><datafield ind1=" " ind2=" " tag="040"><subfield code="a">NSD</subfield><subfield code="b">eng</subfield><subfield code="c">NSD</subfield><subfield code="d">NVJ</subfield><subfield code="d">OCLCQ</subfield></datafield><datafield ind1=" " ind2=" " tag="012"><subfield code="j">0</subfield><subfield code="m">1</subfield></datafield><datafield ind1="1" ind2=" " tag="022"><subfield code="a">8750-605X</subfield><subfield code="l">8750-605X</subfield><subfield code="2">1</subfield></datafield><datafield ind1=" " ind2=" " tag="032"><subfield code="a">733010</subfield><subfield code="b">USPS</subfield></datafield><datafield ind1=" " ind2=" " tag="037"><subfield code="b">Chatham Herald-Tribune, P.O. Box 548, Pittsboro, NC 27312</subfield></datafield><datafield ind1=" " ind2=" " tag="042"><subfield code="a">nsdp</subfield><subfield code="a">msc</subfield></datafield><datafield ind1=" " ind2="0" tag="222"><subfield code="a">Chatham herald-tribune</subfield></datafield><datafield ind1="0" ind2="0" tag="245"><subfield code="a">Chatham herald-tribune.</subfield></datafield><datafield ind1=" " ind2=" " tag="260"><subfield code="a">Pittsboro, NC :</subfield><subfield code="b">Luther Broaddus, III</subfield></datafield><datafield ind1=" " ind2=" " tag="300"><subfield code="a">v.</subfield></datafield><datafield ind1=" " ind2=" " tag="310"><subfield code="a">Weekly</subfield></datafield><datafield ind1="0" ind2=" " tag="362"><subfield code="a">Vol. 13, no. 14 (July 25, 1984)-</subfield></datafield><datafield ind1="1" ind2=" " tag="362"><subfield code="a">Ceased in 1986.</subfield></datafield><datafield ind1=" " ind2=" " tag="752"><subfield code="a">United States</subfield><subfield code="b">North Carolina</subfield><subfield code="c">Chatham</subfield><subfield code="d">Pittsboro.</subfield></datafield><datafield ind1="0" ind2="0" tag="780"><subfield code="t">Chatham County herald</subfield><subfield code="w">(DLC)sn 94058235</subfield></datafield><datafield ind1="0" ind2="0" tag="785"><subfield code="t">Chatham today</subfield><subfield code="x">0891-897X</subfield><subfield code="w">(DLC)sn 87000152</subfield></datafield><datafield ind1=" " ind2=" " tag="936"><subfield code="a">Nov. 28, 1984</subfield></datafield><datafield ind1="1" ind2=" " tag="029"><subfield code="a">AU@</subfield><subfield code="b">000025839010</subfield></datafield></record>